
@book{abaqus92,
 author  = "{ABAQUS}",
 title   = "{Example Problems Manual, version 5.2}",
 publisher= "{Hibbitt, Karlsson \& Sorensen, Inc.}",
 address = "{Hibbitt, Karlsson \& Sorensen, Inc., 1080 Main Str., Pawtuchet, RI 02860}",
 year    = 1992
}

@book{aho83,
 author="{Aho ~A.~V., Hopcroft ~J.~E., Ullman ~J.~D.}",
 title="{Data Structures and Algorithms}",
 publisher="{Addison Wesley}",
 year=1983
}

@book{aho85,
 author="{Aho ~A.~V., Sethi ~R., Ullman ~J.~D.}",
 title="{Compilers : Principles, Techniques and Tools}",
 publisher="{Addison Wesley}",
 year=1985
}

@book{aisc,
 key  ="{aisc-73}",
 title="{Manual of Steel Construction : Seventh Edition}",
 publisher="{American Institute of Steel Construction}",
 year=1973
}

@book{ansi89,
 key  ="{ansi89}",
 title="{ANSI Standard X3.159-1989}",
 publisher="{American National Standards Institute}",
 address  ="{1430 Broadway, New York, NY 10018, USA}",
 year=1989
}

@article{austin87a,
 author ="{Austin ~M.~A., Pister ~K.~S., Mahin ~S.~A.}",
 title  ="{A Methodology for the Probabilistic Limit States Design of Earthquake Resistant Structures}",
 journal="{Journal of the Structural Division, ASCE}",
 volume ="113",
 number ="8",
 pages  = {1642-1659},
 month  ="August",
 year   =1987
}

@article{austin87b,
 author ="{Austin ~M.~A., Pister ~K.~S., Mahin ~S.~A.}",
 title  ="{Probabilistic Limit States Design of Moment Resistant Frames Under Seismic Loading}",
 journal="{Journal of the Structural Division, ASCE}",
 volume ="113",
 number ="8",
 pages  = {1660-1677},
 month  ="August",
 year   =1987
}


@book{austin95,
 author="{Austin M.A., Mazzoni D.}",
 title="{C Programming for Engineers}",
 publisher = "{John-Wiley and Sons}",
 note = "(Scheduled for publication in 1996)"
}

@article{austin93,
 author ="{Austin ~M.~A., Creighton ~S., Albrecht ~P.}",
 title  ="{XBUILD : Preprocessor for Finite Element Analysis of
           Steel Bridge Structures}",
 journal="{Journal of Computing in Civil Engineering, ASCE}",
 volume ="7",
 number ="1",
 pages  = {54-70},
 month  ="January",
 year   =1993
}

@techreport{balling81,
 author="{Balling ~R. ~J., Ciampi ~V., Pister ~K. ~S., Polak ~E.}",
 title="{Optimal Design of Seismic-Resistant Planar Steel Frames}",
 institution="{Earthquake Engineering
    Research Center, University of California, Berkeley}",
 number="Report No EERC 81-20",
 month="December",
 year=1981
}

@article{balling83,
 author="{Balling ~R. ~J., Pister ~K. ~S., Polak ~E.}",
 title="{DELIGHT.STRUCT: A Computer-Aided
    Design Environment for Structural Engineering}",
 journal="{Computer Methods in Applied Mechanics and Engineering}",
 pages = {237-251},
 month="January",
 year=1983
}

@article{bathe73,
 author="{Bathe ~K.~J., Wilson ~E.~L.}",
 title="{Solution Methods for Eigenvalue Problems in Structural Mechanics}",
 journal="{International Journal for Numerical Methods in Engineering}",
 pages = {213-226}, volume="6",
 year=1973
}

@book{bathe76,
 author="{Bathe ~K.~J.}",
 title="{Numerical Methods in Finite Element Analysis}",
 publisher = "{Prentice-Hall}",
 address   = "{Englewood Cliffs, N.J.}",
 year=1976
}

@article{bathe80,
 author="{Bathe ~K.~J., Cimento,~A.~P.}",
 title="{Some Practical Procedures for the Solution of Nonlinear Finite Element Equations}",
 journal="{Computer Methods in Applied Mechanics and Engineering}",
 pages = {59-85}, volume="22",
 year=1980
}

@book{bathe82,
 author="{Bathe ~K.~J.}",
 title="{Finite Element Procedures in Engineering Analysis}",
 publisher = "{Prentice-Hall}",
 address   = "{Englewood Cliffs, N.J.}",
 year=1982
}

@article{baugh,
 author="{Baugh ~J.~W., Rehak ~D.~R.}",
 title="{Data Abstraction in Engineering Software Development}",
 journal="{Journal of Computing in Civil Engineering, ASCE}",
 pages = {282-301}, volume="6", number="3",
 month="July",
 year=1992
}

@article{belytschko-lin-tsay,
 author="{Belytschko, Ted, Lin,~Jerry.~I. and Tsay, ~Chen-Shyh}",
 title="{Explicit Algorithms for the Nonlinear Dynamics of Steels}",
 journal="{Computer Methods in Applied Mechanics and Engineering}",
 pages = {225-251},
 volume="42",
 year=1984
}

@article{bitner,
 author="{Bitner ~J.~R., Reingold ~E.~M.}",
 title="{Backtrack Programming Techniques}",
 journal="{Communications of the Association of Computing Machinery}",
 number="18",
 pages = {651-656},
 year=1975
}

@misc{ce223,
 title="{CE233 : Computational Methods for Linear Structural Analysis}",
 note="{\it Class Notes}",
 institution="{Department of Civil Engineering}",
 school="{U.C. Berkeley}",
 year=1983
}

@techreport{chen95,
 author  = "{Chen ~X.G., Austin ~M.A.}",
 title   = "{Development of a Shell Finite Element for Project ALADDIN}",
 howpublished = "{Institute of Systems Research}",
 address = "{University of Maryland, College Park, MD. 20742}",
 year    = 1995
}

@article{clements,
 author = "{Clements ~P.~C., Parnas ~P.~L., Weiss ~D.~M.}",
 title  = "{The Modular Structure of Complex Systems}",
 journal= "{Proc 7th International Conf. on Software Engineering}",
 month  = "March",
 pages  = {408-417},
 year   = 1984
}

@article{cmelik88,
 author = "{Cmelik ~R.F., Gehani ~N.H.}",
 title  = "{Dimensional Analysis with C++}",
 journal= "{IEEE Software}",
 month  = "May",
 pages  = {21-26},
 year   = 1988
}

@book{cormen,
 author = "{Cormen ~T.~H., Leiserson ~C.~E., Rivest ~R.~L.}",
 title  = "{Introduction to Algorithms}",
 publisher = "{The MIT Press}", 
 year = 1992
}

@book{dahlquist74,
 author = "{Dahlquist ~G., Bjorck ~A.}",
 title  = "{Numerical Methods}",
 publisher = "{Prentice-Hall Series in Automatic Computation}", 
 year = 1974
}

@book{denning78,
 author = "{Denning ~P.~J., Dennis ~J.~B., Qualitz ~J.~E.}",
 title  = "{Machines, Languages, and Computation}",
 publisher = "{Prentice-Hall Inc.}", 
 year = 1978
}

@article{dongarra,
 author = "{Dongarra ~J.~J., Gustavson ~F.~G., Karp ~A.}",
 title  = "{Implementing Linear Algebra Algorithms for Dense Matrices}",
 journal= "{SIAM Review}",
 pages = {91-112}, volume="26",
 year   = 1984
}

@article{engels92,
 author = "{Engels ~G., Lewerentz M.N., Schafer W., Schurr A.}",
 title  = "{Building Intergrated Software Development Environments -- 
            Part 1 : Tool Specification}",
 journal= "{ACM Transactions on Software Engineering and Methodology}",
 volume = "1", number = "2", pages  = {135-167},
 year   = 1992
}

@article{felippa,
 author = "{Felippa ~C.~A.}",
 title  = "{Solution of Linear Equations with Skyline-Stored Symmetric Matrix}",
 journal= "{Computers and Structures}",
 pages = {13-30}, volume="5",
 year   = 1975
}

@article{ferritto,
 author = "{Ferritto~J.~M.}",
 title  = "{Studies on Seismic Isolation of Buildings}",
 journal= "{Journal of Structural Engineering}",
 volume="117",
 number = "11",
 month = "November",
 year   = 1991
}

@article{fishwick92,
 author = "{Fishwick P.A.}",
 title  = "{A Multimodel Methodology for Qualitative Model Engineering}",
 journal= "{ACM Transactions on Software Engineering and Methodology}",
 volume = "2", number = "1", pages  = {52-81},
 year   = 1992
}


@book{foster,
 author = "{Foster ~L.~S.}",
 title  = "{C by Discovery : Emphasizing ANSI C}",
 publisher = "{Scott/Jones Publishers}", 
 year = 1991
}

@article{gallopoulos94,
 author = "{Gallopoulos ~E., Houstis ~E.}",
 title  = "{Computer as a Thinker/Doer :
Problem-Solving Enviroments for Computational Science}",
 journal= "{IEEE Computational Science and Engineering}",
 pages  = {11-23}, volume="1", number = "2",
 year   = 1994
}

@book{george,
 author  = "{George ~J.~A., Liu ~J.~W.}",
 title   = "{Computer Solution of Very Large Sparse Matrices}",
 publisher = "{Prentice-Hall}", 
 address   = "{Englewood Cliffs, New Jersey}", 
 year = 1981
}

@book{ghali79,
 author  = "{Ghali ~A., Neville ~A.M.}",
 title   = "{Structural Analysis : A Unified and Matrix Approach}",
 edition = "{2nd Edition}",
 publisher = "{Chapman and Hall}", 
 year = 1979
}

@article{gehani82,
 author = "{Gehani ~N.H.}",
 title  = "{Databases and Units of Measure}",
 journal= "{IEEE Transactions on Software Engineering}",
 pages  = {605-611}, volume="8", number = "6",
 month = "November",
 year   = 1982
}

@book{golub,
 author  = "{Golub ~G.~H., VanLoan ~C.~F.}",
 title   = "{Matrix Computations}",
 edition = "{2nd}",
 publisher = "{The Johns Hopkins University Press}", 
 year = 1989
}

@article{goudreau94,
 author = "{Goudreau ~G.~L.}",
 title  = "{Computational Structural Mechanics : From National Defense to National Resource}",
 journal= "{IEEE Computational Science and Engineering}",
 pages  = {33-42}, volume="1", number = "1",
 year   = 1994
}

@booklet{grand-challenge,
 key  ="{Grand Challenges}",
 title="{Grand Challenges (1992),
         High Performance Computing and Communications}",
 howpublished="{FY 1993 U.S. Research and Development Program,
                Report by Committee on Physcical, Mathematical, and Engineering Sciences
                Federal Coordinating Council for Science, Engineering, and Technology}",

 year=1992
}

@article{guttag,
 author = "{Guttag ~J.,}",
 title  = "{Abstract Data Types and the Development of Data Structures}",
 journal= "{Communications of the ACM}",
 pages = {396-404},
 volume="20",
 number = "6",
 month = "June",
 year   = 1977
}

@book{harbison,
 author="{Harbison ~S.~P., Steele ~G.~L.}",
 title="{A C Reference Manual}",
 publisher="{Prentice-Hall}",
 year=1984
}

@article{hardwick,
 author="{Hardwick ~M., Spooner ~D.~L.}",
 title="{Comparison of some Data Models for Engineering Objects}",
 journal="{IEEE Computer Graphics and Applications}",
 pages = {56-66},
 month="March", year=1987
}

@book{helman,
 author="{Helman ~P., Veroff ~R., Carrano ~F.~R.}",
 title="{Intermediate Problem Solving and Data Structures}",
 publisher="{Benjamin-Cummings Publishing Company}",
 year=1991
}

@unpublished{heunis,
 author="{Heunis ~A.}",
 title ="{HACKSYMA : The Hackers Symbolic Manipulator}",
 note  ="{Computer program written at Univeristy of California, Berkeley}",
 year  =1983
}

@article{hoare62,
 author="{Hoare ~C.~A.~R.}",
 title="{Quicksort}",
 journal="{Computer Journal}",
 volume="5", number = "1",
 pages = {10-15},
 year=1962
}

@book{holub,
 author    = "{Holub ~A.~I.}",
 title     = "{Compiler Design in C}",
 publisher = "{Prentice-Hall Inc.}",
 year=1990
}

@book{horspool,
 author    = "{Horspool ~R.~N.}",
 title     = "{C Programming in the Berkeley UNIX Environment}",
 publisher = "{Prentice-Hall Canada Inc.}",
 year=1986
}

@book{hughes,
 author    = "{Hughes ~T.~J.~R.}",
 title     = "{The Finite Element Method : Linear Static and Dynamic Finite Element Analysis}",
 publisher = "{Prentice-Hall}",
 year=1987
}

@book{x-window_user's_guide,
 author    = "{Quercia, ~V. and O'Reilly,~T.}",
 title     = "{X Window System: User's Guide}",
 note      = "{for X11 R3 and R4}",
 publisher = "{O'Reilly and Asscociate, Inc.}",
 year      = 1990
}

@misc{intel,
 key    = "{Intel Corporation}",
 title  = "{Intel Development Toolkit}",
 address= "{Intel Corporation, Beaverton, Oregon 97006}",
 year=1991
}

@misc{intel-91,
 key    = "{Intel Corporation}",
 title       = "{A Touchstone DELTA System Description}",
 institution = "{Intel SuperComputer Systems Division}",
 address     = "{Intel Corporation, Beaverton, Oregon 97006}",
 year=1991
}

@misc{intergraph,
 author="{R. ~J. ~Ashworth}",
 title="{The 3D Approach to Steelwork Design and Detailing}",
 howpublished="{ CAD in Reinforced Concrete Detailing and Structural Steelwork,
		Proceedings of a conference organized by the Institute of
		Civil Engineers, Thomas Telford, London}",
 year=1987
}

@article{jervis,
 author = "{Jervis ~R.}",
 title  = "{Numerical Extensions to C}",
 journal= "{Dr Dobbs Journal}",
 pages  = {26-39},
 month  = "August",
 year   = 1992
}

@techreport{jin94,
 author= "{Jin ~Lanheng.}",
 title = "{Analysis and Evaluation of a Shell Finite Element with Drilling Degree of Freedom}",
 howpublished ="{Institute for Systems Research Technical Report 94-12}",
 address="{University of Maryland, College Park, Maryland 20742}",
 year=1994
}

@techreport{johnson75,
 author  = "{Johnson ~S.~C.}",
 title   = "{YACC - Yet another Compiler Compiler}",
 howpublished = "{Computer Science Technical Report 32}",
 address = "{AT\&T Bell Laboratories, Murray Hill, New Jersey}",
 year    = 1975
}

@techreport{joy,
 author="{Joy ~W.}",
 title="{An Introduction to the C Shell}",
 institution="{Computer Sciences Division,
               Department of Electrical Engineering and Computer Science}",
 school="{University of California}",
 address="{Berkeley, California 94720}"
}

@article{karr78,
 author = "{Karr ~M., Loveman ~D.~B.}",
 title  = "{Incorporating Units into Programming Languages}",
 journal="{Communications of the ACM}",
 volume ="21",   number ="5", pages  = {385-391},
 month  ="May",
 year = 1978
}

@article{katz,
 author = "{Katz ~R.}",
 title  = "{Design Version Management}",
 journal= "{IEEE Design and Test}",
 month  = "February",
 year   = 1987
}

@book{kelley,
 author = "{Kelley ~A., Pohl ~I.}", 
 title  = "{A Book on C}",
 publisher="{Benjamin-Cummings Publishing Company}",
 year = 1984
}

@book{kernighan-ed1,
 author = "{Kernighan ~B.~W., Ritchie ~D.~M.}",
 title  = "{The C Programming Language}",
 publisher="{Prentice-Hall Software Series}",
 year = 1978
}

@book{kernighan-ed2,
 author = "{Kernighan ~B.~W., Ritchie ~D.~M.}",
 title  = "{The C Programming Language - Second Edition}",
 note   = "{Based on Draft-Proposed ANSI C}",
 publisher="{Prentice-Hall Software Series}",
 year = 1988
}

@book{kernighan-pike,
 author = "{Kernighan ~B.~W., Pike ~R.}",
 title  = "{The UNIX Programming Environment}",
 publisher="{Prentice-Hall Software Series}",
 year = 1983
}

@article{kirkpatrick83,
 author = "{Kirkpatrick S., Gelatt C.D., Vecchi M.P,}",
 title  = "{Optimization by Simulated Annealing}",
 journal="{Science}",
 pages = {671-680}, volume="220", number="4598",
 month  = "{May}",
 year  = 1983
}

@book{kronlof93,
 author    = "{Kronlof ~K.}",
 title     = "{Method Integration : Concepts and Case Studies}",
 publisher = "{John-Wiley and Sons}",
 year  = 1993
}

@article{knuth,
 author = "{Knuth ~D.~E.}",
 title  = "{Structured Programming with Go To Statements}",
 journal="{Computing Surveys, Association of Computing Machinery}",
 pages = {261-301}, volume="6", number="4",
 year  = 1979
}

@book{knuth73a,
 author = "{Knuth ~D.~E.}",
 title  = "{The Art of Computer Programming : Fundamental Algorithms, Volume 1}",
 publisher="{Addison-Wesley Publishing Company}",
 year = 1973
}

@book{korsh,
 author = "{Korsh ~J.~D.}",
 title  = "{Data Structures, Algoithms and Program Style}",
 publisher="{PWS Computer Science}",
 year = 1986
}

@book{kosko,
 author = "{Kosko ~B.}",
 title  = "{Neural Networks and Fuzzy Systems : A Dynamical
            Systems Approach to Machine Intelligence}",
 publisher="{Prentice-Hall}",
 year = 1992
}

@article{kulisch,
 author = "{Kulisch ~U.~W., Miranker ~W.~L.}",
 title  = "{The Arithmetic of the Digital Computer : A New Approach}",
 journal="{SIAM Review}",
 pages = {1-40}, volume="28",
 year  = 1986
}

@techreport{lesk,
 author= "{Lesk ~M.~E.}",
 title = "{LEX : A Lexical Analyzer Generator}",
 type  = "{Computer Science Technical Report, No. 39}",
 institution="{Bell Laboratories}",
 address= "{Murray Hill, New Jersey}",
 month  = "{October}",
 year   = 1975
}

@book{levine92,
 author = "{Levine ~J.R., Mason ~T., Brown ~D.}",
 title  = "{Lex and Yacc}",
 publisher="{O'Reilly and Associates, Inc}",
 year = 1992
}

@book{lewine92,
 author="{Lewine ~D.}",
 title="{POSIX : Programmer's Guide}",
 publisher="{O'Reilly and Associates}",
 year=1992
}

@masterthesis{linton,
 author= "{Linton ~M.}",
 title = "{dbx}",
 school ="{University of California}",
 address="{Berkeley, California 94720}",
 year=1982
}

@book{Luenberger84,
 author="{Luenberger~David~G.}",
 title="{Linear and Nonlinear Programming}",
 school ="{Stanford University}",
 publisher="{Addison-Wesley Publishing Company}",
 year=1984
}

@article{matlab-sparse,
 author="{Gilbert ~J.~R., Moler ~C., Schreiber ~R.}",
 title="{Sparse Matrices in MATLAB : Design and Implementation}",
 journal="{SIAM Journal of Matrix Analysis Applications}",
 pages = {333-356}, volume="13", number="1",
 month="January", year=1992
}

@article{metropolis,
 author = "{Metropolis N., Rosenblueth A., Rosenblueth M., Teller A., Teller E.}",
 title  = "{Equation of State Calculations by Fast Computing Machines}",
 journal="{Journal of Chemical Physics}",
 pages = {1087-1092}, volume="21",
 year  = 1953
}

@book{meyer,
 author= "{Meyer ~B.}",
 title = "{Object-oriented Software Construction}",
 publisher="{Prentice-Hall International Series in Computer Science}",
 address= "{Hertfordshire, United Kingdom}",
 year   = 1988
}

@article{meyer73,
 author="{Meyer ~C.}",
 title="{Solution of Linear Equations -- State of the Art}",
 journal="{Journal of the Structural Division, ASCE}",
 pages = {1507-1526}, volume="99", number="7",
 month="July",
 year=1973
}

@article{meyer75,
 author="{Meyer ~C.}",
 title="{Special Problems Related to Linear Equation Solvers}",
 journal="{Journal of the Structural Division, ASCE}",
 pages = {869-890}, volume="101", number="4",
 month="April",
 year=1975
}

@book{minsky67,
 author = "{Minsky ~M.}",
 title  = "{Computation : Finite and Infinite Machines}",
 publisher = "{Prentice-Hall Series in Automatic Computation}", 
 year = 1967
}

@article{mitra86,
 author="{Mitra D., Romeo F., Sangiovanni-Vincentelli A}",
 title ="{Convergence and Finite-Time Behavior of Simulated Annealing}",
 journal="{Advances in Applied Math}",
 pages = {747-771}, volume="18",
 year=1986
}

@techreport{mondkar75,
 author   ="{Mondkar ~D.~P., Powell ~G.~H.}",
 title    ="{ANSR - 1 General Purpose program for Analysis of Nonlinear Structural Response}",
 type     ="{{\it Report No.} EERC 75-37}",
 institution="{Earthquake Engineering Research Center}",
 school = "{U.C. Berkeley}",
 month  = "December",
 year   = 1975
}

@article{nagarajaiah,
 author= "{Nagarajah,~Satish, Reinhorn,~Andrei~M., and Constantinou,~Michalakis~C.}",
 title = "{Nonlinear Dynamic Analysis of 3-D Base-Isolated Strctures}",
 journal="{Journal of Structure Engineering}",
 pages = {2035-2054}, volume="117",
 month  = "July",
 year   = 1991
}


@book{nievergelt,
 author   ="{Nievergelt ~J., Hinrichs ~K.~H.}",
 title    ="{Algorithms and Data Structures : With Applications to Graphics and Geometry}",
 publisher="{Prentice-Hall}",
 year=1993
}

@techreport{nye82,
 author   ="{Nye ~W., Tits ~A.~L.}",
 title    ="{DELIGHT FOR BEGINNERS}",
 type     ="{Memorandum No. UCB/ERL M82/55}",
 institution="{Department of Electrical Engineering}",
 school= "{U.C. Berkeley}",
 month = "July",
 year  = 1982
}

@techreport{nye85,
 author   ="{Nye ~W., Wang ~D.}",
 title    ="{DELIGHT FOR INTERMEDIATES}",
 type     ="{Memorandum No. UCB/ERL M85/32}",
 institution="{Department of Electrical Engineering}",
 school= "{U.C. Berkeley}",
 month = "April",
 year  = 1985
}

@article{nye86,
 author="{Nye ~W. ~T., Tits ~A. ~L.}",
 title="{An Application-Oriented, Optimization-Based Methodology
    for Interactive Design of Engineering Systems}",
 journal="{International Journal of Control}",
 pages = {1693-1721}, volume="43", number="6",
 year=1986
}

@article{nye87,
 author="{Nye ~W. ~T., Riley ~D. ~C., Sangiovanni-Vincentelli ~A. ~L., Tits ~A. ~L.}",
 title="{DELIGHT.SPICE:
    An Optimization-Based System for the Design of Integrated Circuits}",
 journal="{IEEE Trans. CAD Integrated Circuits and Systems, CAD-7}",
 pages = {501-520},
 year=1987
}

@article{parnas,
 author= "{Parnas ~D.~L.}",
 title = "{On the Criteria to be Used in Decomposing Systems into Modules}",
 journal="{Communications of the ACM}",
 pages = {330-336}, volume="15",
 month  = "December",
 year   = 1972
}

@article{plauger,
 author= "{Plauger ~P.~J.}",
 title = "{Large Character Sets in C}",
 journal="{Dr Dobbs Journal}",
 pages = {16},
 month  = "August",
 year   = 1992
}

@article{pinto,
 author= "{Pinto de Magalhaes ~M.}",
 title = "{Biaxially Loaded Concrete Sections}",
 journal="{Journal of the Structural Division, ASCE}",
 volume ="105",
 number ="12",
 pages = {2639-2656},
 year   = 1979
}

@misc{powell84,
 author="{Powell ~G.~H.}",
 title  = "{INSA : Interpretive Nonlinear Structural Analysis User Guide}",
 address= "{University of California, Berkeley, CA 94720}",
 year=1984
}

@book{press,
 author="{Press ~W.~H., Flannery ~B.~P., Teukolsky ~S.~A., Vetterling ~W.~T.}",
 title="{Numerical Recipes in C : The Art of Scientific Computing}",
 publisher="{Cambridge University Press}",
 year=1988
}

@book{press92,
 author ="{Press ~W.~H., Flannery ~B.~P., Teukolsky ~S.~A., Vetterling ~W.~T.}",
 title  ="{Numerical Recipes in C : The Art of Scientific Computing}",
 edition="{2nd}",
 publisher= "{Cambridge University Press}",
 year = 1992
}

@book{protter,
 author="{Protter ~M.~H., Morrey ~C.~B.}",
 title="{A First Course in Real Analysis}",
 note ="{Second Edition}",
 publisher="{Springer-Verlag}",
 year=1991
}

@book{pyster,
 author ="{Pyster ~A.~B.}",
 title  ="{Compiler Design and Construction}",
 publisher="{Van Nostrand Reinhold Company Inc}",
 year=1987
}

@misc{reilly,
 author ="{Reilly ~J.}",
 title  ="{CONSOLE Outline}",
 note   ="{UNIX Environment Short Courses}",
 school  = "{University of Maryland}",
 address = "{College Park, MD 20742}",
 month   = "October",
 year    = 1990
}

@book{rimmer,
 author="{Rimmer ~S.}",
 title="{Bit-Mapped Graphics}",
 note ="{Second Edition}",
 publisher="{Windcrest/McGraw-Hill}",
 year=1993
}

@article{salter76,
 author  = "{Salter K.G.}",
 title   = "{A Methodology for Decomposing System Requirements
             into Data Processing Requirements}",
 journal = "{Proc. 2nd Int. Conf. on Software Engineering}",
 address = "{San Francisco}",
 year=1976
}

@misc{sangiovanni-vincentelli,
 author  = "{Sangiovanni-Vincentelli ~A.~L.}",
 title   = "{Electronics in the 1990's}",
 note    = "{Systems Research Center Seminar Series, Spring Semester}",
 year=1992
}

@article{scheifler,
 author  = "{Scheifler ~R., Gettys ~J.}",
 title   = "{The X Window System}",
 journal = "{ACM Transactions on Graphics}",
 volume  = "2",
 pages = {79-109},
 year=1986
}

@book{sedgewick,
 author    = "{Sedgewick ~R.}",
 title     = "{Algorithms in C}",
 publisher = "{Addison-Wesley Publishing Company}",
 year = 1990
}

@techreport{shen,
 author  = "{Shen ~K., Fenves ~S.~J.}",
 title  = "{ Table : An Engineering, Scientific, and Management Application-Oriented Database Model}",
 type   = "{DRC-12-16-83}",
 institution = "{Design Research Center}",
 address     = "{Carnegie-Mellon University, Pittsburgh, PA 15213}",
 year = 1983
}

@article{silberschatz,
 author  = "{Silberschatz ~A., Stonebraker ~M., Ullman ~J.}",
 title   = "{Database Systems : Achievements and Opportunities}",
 journal = "{Communications of the ACM}",
 volume  = "34",
 number  = "10",
 month   = "October",
 year=1991
}

@misc{slater,
 author  = "{Slater ~J.}",
 title   = "{Lecture notes on Alternative Languages
             and Data Structures: A Case for C in Engineering Computations}",
 address = "{Department of Civil Engineering,
             Massachusetts Institute of Technology}",
 year=1984
}

@article{sloan89a,
    author  = "Sloan ~S.~W.",
    title   = "A FORTRAN Program for Profile and Wavefront Reduction",
    journal = "International Journal of Numerical Methods in Engineering",
    volume  = "28",
    pagesS  = "2651-2679",
    year    = 1989
}

@book{sommerville92,
 author    = "{Sommerville ~I.}",
 title     = "{Software Engineering}",
 publisher = "{Addison-Wesley Publishing Company}",
 edition   = "{4th Edition}",
 year = 1992
}

@article{spencer,
 author = "{Spencer ~D.}",
 title  = "{Beyond C - Programming Languages, Past, Present, Future}",
 journal = "{UNIX World}",
 pages   = {29-35},
 month   = "July",
 year    = 1985
}

@article{sreekanta,
 author = "{Sreekanta ~M.~T., Arora ~J.~S.}",
 title  = "{Data Base Design Methodology for Structural Analysis and Design Optimization}",
 journal = "{Engineering with Computers}",
 volume  = "1",
 number  = "3",
 year    = 1986
}

@book{stallings,
 author = "{Stallings ~W.}",
 title  = "{Data and Computer Communications}",
 note   = "{Second Edition}",
 publisher = "{MacMillian Publishing Company}",
 year = 1985
}

@article{stevenson,
 author = "{Stevenson ~D.}",
 title  = "{A Proposed Standard for Binary Floating Point Arithmetic}",
 journal = "{Computer}",
 volume  = "14",
 number  = "3",
 pages   = {51-62},
 month   = "March",
 year    = 1981
}

@book{stewart,
 author = "{Stewart ~G.~W.}",
 title  = "{Introduction to Matrix Computations}",
 publisher = "{Academic Press}",
 year = 1973
}

@article{strassen,
 author = "{Strassen ~V.}",
 title  = "{Gaussian Elimination is not optimal}",
 journal = "{Numerische Mathematik}",
 volume  = "14",
 number  = "3",
 pages   = {354-356},
 year    = 1969
}

@misc{summit,
 author = "{Summit ~S.}",
 title  = "{Frequently Asked Qustions on C}",
 note   = "{Automatically posted to the Internet newsgroup comp.lang.c
            at the beginning of each month}",
 month  = "August",
 year   = 1992
}

@article{survey,
 author="{Baer ~A, Eastman ~C., M. Henrion ~M.}",
 title="{Geometric Modelling: a survey}",
 journal="{Computer Aided Design}",
 pages = {253-272}, volume="11", number="5",
 month="September",
 year=1979
}

@techreport{sunview,
 key    = "{Sun Microsystems}",
 title  = "{SunView 1 Programmer's Guide}",
 publisher = "{Sun Microsystems, Inc}",
 year = 1988
}

@article{tesler91,
 author  = "{Tesler L.G.}",
 title   = "{Networked Computing in the 1990's}",
 journal = "{Scientific American}",
 volume  = "265", number = "3", pages = "{86-93}",
 month   = "September",
 year    = 1991
}

@techreport{think,
 key     = "{Thinking Machines Corporation}",
 title   = "{The Connection Machine : CM-5 Technical Summary}",
 address = "{Cambridge, Massachusetts}",
 month   = "October",
 year    = 1991
}

@book{ward85,
 author = "{Ward ~P., Mellor ~S.}",
 title  = "{Structured Development for Real-Time Systems}",
 publisher = "{Prentice-Hall Inc.}",
 year = 1985
}

@inproceedings{way-jeng,
 author = "{Way,~D., and Jeng,~V.}",
 title  = "{NPAD -- a computer program for the analysis of base isolation strcutures}",
 booktitle = "{Proc. ASME Pressure Vessel and Piping Conference}",
 note  = "Americal Society of Mechanical Engineering, 147",
 pages   = {65-69},
 year    = 1988
}

@book{weaver-gere80,
 author = "{Weaver, ~W.~Jr. and Gere,~J.~M.}",
 title  = "{Matrix Analysis of Framed Structures}",
 publisher = "{D. Van Nostrand Company}",
 address   = "{135 West 50th Street, New York, NY 10020}",
 edition   = "{2}",
 year = 1980
}

@techreport{wilson79,
 author  = "{Wilson ~E.~L.}",
 title   = "{CAL 78 : User Information Manual}",
 address = "{Department of Civil Engineering,
             University of California, Berkeley, CA 94720}",
 year = 1979
}

@techreport{wu86,
 author   ="{Wu ~T.L.}",
 title    ="{DELIGHT.MIMO : An Interactive System for Optimization-Based
             Multivariable Control System Design}",
 type     ="{Memorandum No. UCB/ERL M86/90}",
 institution="{Department of Electrical Engineering}",
 school= "{U.C. Berkeley}",
 month = "December",
 year  = 1986
}

@book{zienkiewitz89,
 author = "{Zienkiewitz O.C., Taylor R.L.}",
 title  = "{The Finite Element Method}",
 publisher="{McGraw-Hill, Inc}",
 note  = "{For details on FEAP, see Chapter 15}",
 pages = {648},
 year = 1989
}
