@techreport{aladdin94,
 author = "{Austin ~M.~A., Chen, ~X.~G. and Lin,~W-J}",
 title  = "{ALADDIN: A Computational Toolkit For Interactive
            Engineering Matrix And Finite Element Analysis}",
 type   = "{Technical Research Report TR94-XX}",
 institution = "{Institute for Systems Research}",
 school  = "{University of Maryland}",
 address = "{College Park, MD 20742}",
 month  = "July",
 year   = 1994
}

@book{abaqus92,
 author  = "{ABAQUS}",
 title   = "{Example Problems Manual, version 5.2}",
 publisher= "{Hibbitt, Karlsson \& Sorensen, Inc.}",
 address = "{Hibbitt, Karlsson \& Sorensen, Inc., 1080 Main Str., Pawtuchet, RI 02860}",
 year    = 1992
}

@book{aho83,
 author="{Aho ~A.~V., Hopcroft ~J.~E., Ullman ~J.~D.}",
 title="{Data Structures and Algorithms}",
 publisher="{Addison Wesley}",
 year=1983
}

@book{aho85,
 author="{Aho ~A.~V., Sethi ~R., Ullman ~J.~D.}",
 title="{Compilers : Principles, Techniques and Tools}",
 publisher="{Addison Wesley}",
 year=1985
}

@book{aisc,
 key  ="{aisc-73}",
 title="{Manual of Steel Construction : Seventh Edition}",
 publisher="{American Institute of Steel Construction}",
 year=1973
}

@book{ansi89,
 key  ="{ansi89}",
 title="{ANSI Standard X3.159-1989}",
 publisher="{American National Standards Institute}",
 address  ="{1430 Broadway, New York, NY 10018, USA}",
 year=1989
}

@book{austin-mazzoni,
 author="{Austin,~Mark,~A. and ~Mazzoni,~David}",
 title="{C for Engineers : With an Emphasis on Computational Methods in Engineering Analysis and Design}",
 publisher = "{Addison-Wesley Publishing Company}",
 note = "to be published"
}

@article{austin93,
 author ="{Austin ~M.~A., Creighton ~S., Albrecht ~P.}",
 title  ="{XBUILD : Preprocessor for Finite Element Analysis of
           Steel Bridge Structures}",
 journal="{Journal of Computing in Civil Engineering, ASCE}",
 volume ="7",
 number ="1",
 pages  = {54-70},
 month  ="January",
 year   =1993
}

@article{bathe73,
 author="{Bathe ~K.~J., Wilson ~E.~L.}",
 title="{Solution Methods for Eigenvalue Problems in Structural Mechanics}",
 journal="{International Journal for Numerical Methods in Engineering}",
 pages = {213-226}, volume="6",
 year=1973
}

@book{bathe76,
 author="{Bathe ~K.~J.}",
 title="{Numerical Methods in Finite Element Analysis}",
 publisher = "{Prentice-Hall}",
 address   = "{Englewood Cliffs, N.J.}",
 year=1976
}
@article{bathe80a,
 author="{Bathe ~K.~J., Bolourchi,~S.}",
 title="{A Geometric and Material Nonlinear Plate and Shell Element}",
 journal="{Journal of Computers and Structures}",
 pages = {23-48}, volume="11",
 year=1980
}


@article{bathe80,
 author="{Bathe ~K.~J., Cimento,~A.~P.}",
 title="{Some Practical Procedures for the Solution of Nonlinear Finite Element Equations}",
 journal="{Computer Methods in Applied Mechanics and Engineering}",
 pages = {59-85}, volume="22",
 year=1980
}

@book{bathe82,
 author="{Bathe ~K.~J.}",
 title="{Finite Element Procedures in Engineering Analysis}",
 publisher = "{Prentice-Hall}",
 address   = "{Englewood Cliffs, N.J.}",
 year=1982
}

@article{baugh,
 author="{Baugh ~J.~W., Rehak ~D.~R.}",
 title="{Data Abstraction in Engineering Software Development}",
 journal="{Journal of Computing in Civil Engineering, ASCE}",
 pages = {282-301}, volume="6", number="3",
 month="July",
 year=1992
}

@article{belytschko-lin-tsay,
 author="{Belytschko, Ted, Lin,~Jerry.~I. and Tsay, ~Chen-Shyh}",
 title="{Explicit Algorithms for the Nonlinear Dynamics of Steels}",
 journal="{Computer Methods in Applied Mechanics and Engineering}",
 pages = {225-251},
 volume="42",
 year=1984
}

@article{bitner,
 author="{Bitner ~J.~R., Reingold ~E.~M.}",
 title="{Backtrack Programming Techniques}",
 journal="{Communications of the Association of Computing Machinery}",
 number="18",
 pages = {651-656},
 year=1975
}

@misc{ce223,
 title="{CE233 : Computational Methods for Linear Structural Analysis}",
 note="{\it Class Notes}",
 institution="{Department of Civil Engineering}",
 school="{U.C. Berkeley}",
 year=1983
}

@techreport{Chen_Austin94,
 author = "{Chen,~X.~G. and Austin,~A.~M.}",
 title  = "{Study and Implementation of Shell Element For ALADDIN PROJECT}", 
 type   = "{Technical Research Report TR94-XX}",
 institution = "{Institute for Systems Research}",
 school  = "{University of Maryland}",
 address = "{College Park, MD 20742}",
 month  = "July",
 year   = 1994
}


@article{clements,
 author = "{Clements ~P.~C., Parnas ~P.~L., Weiss ~D.~M.}",
 title  = "{The Modular Structure of Complex Systems}",
 journal= "{Proc 7th International Conf. on Software Engineering}",
 month  = "March",
 pages  = {408-417},
 year   = 1984
}

@book{cormen,
 author = "{Cormen ~T.~H., Leiserson ~C.~E., Rivest ~R.~L.}",
 title  = "{Introduction to Algorithms}",
 publisher = "{The MIT Press}", 
 year = 1992
}

@article{cramer,
 author = "{Cramer ~R.}",
 title  = "{Database Primer : Things you should know about Database Systems ...
            but were afraid to ask}",
 journal= "{UNIX World}",
 month  = "February",
 year   = 1986
}

@techreport{creighton,
 author = "{Creighton ~S., Austin ~M.~A., Albrecht ~P.}",
 title  = "{Pre-Processor for Finite Element Analysis of Highway Bridges}",
 type   = "{Technical Research Report TR90-54}",
 institution = "{Systems Research Center}",
 school  = "{University of Maryland}",
 address = "{College Park, MD 20742}",
 month  = "August",
 year   = 1990
}

@book{crisfield91,
 author = "{Crisfield,~M.~A.}",
 title  = "{Non-Linear Finite Element Analysis of Solid and Structures}",
 publisher = "{John Wiley \& Sons}",
 year = 1991
}

@book{dahlquist74,
 author = "{Dahlquist ~G., Bjorck ~A.}",
 title  = "{Numerical Methods}",
 publisher = "{Prentice-Hall Series in Automatic Computation}", 
 year = 1974
}

@article{dodds,
 author = "{Dodds ~R.~H.}",
 title  = "{Numerical Techniques for Plasticity Computations in Finite Element Analysis}",
 journal= "{Computers \& Structures}",
 pages = {767-779}, volume="26", number = "5",
 year   = 1987
}

@article{dongarra,
 author = "{Dongarra ~J.~J., Gustavson ~F.~G., Karp ~A.}",
 title  = "{Implementing Linear Algebra Algorithms for Dense Matrices}",
 journal= "{SIAM Review}",
 pages = {91-112}, volume="26",
 year   = 1984
}

@techreport{fan,
 author = "{Fan ~M., Koninckx ~J., Wang ~L.~S., Tits ~A.~L.}",
 title  = "{CONSOLE User's Manual}",
 type   = "{Technical Research Report TR87-212}",
 institution = "{Systems Research Center}",
 school  = "{University of Maryland}",
 address = "{College Park, MD 20742}",
 year    = 1987
}

@article{feldman,
 author = "{Feldman ~S.}",
 title  = "{Make - A Program for Maintaining Programs}",
 journal= "{Software - Practice and Experience}",
 pages = {255-265}, volume="9",
 year   = 1979
}

@article{felippa,
 author = "{Felippa ~C.~A.}",
 title  = "{Solution of Linear Equations with Skyline-Stored Symmetric Matrix}",
 journal= "{Computers and Structures}",
 pages = {13-30}, volume="5",
 year   = 1975
}

@article{ferritto,
 author = "{Ferritto~J.~M.}",
 title  = "{Studies on Seismic Isolation of Buildings}",
 journal= "{Journal of Structural Engineering}",
 pages = {3293-3314},
 volume="117",
 number = "11",
 month = "November",
 year   = 1991
}

@book{fisher,
 author = "{Fisher ~A.~S.}",
 title  = "{CASE : Using Software Development Tools : Second Edition}",
 publisher = "{John Wiley and Sons}", 
 year = 1991
}

@book{foster,
 author = "{Foster ~L.~S.}",
 title  = "{C by Discovery : Emphasizing ANSI C}",
 publisher = "{Scott/Jones Publishers}", 
 year = 1991
}

@book{gardner,
 author   ="{Gardner ~J.}",
 title    ="{From C to C : An Introduction to ANSI Standard C}",
 publisher="{Harcourt Brace Javanovich}",
 year=1989
}

@article{gehani,
 author = "{Gehani ~N.~H., Roome ~W.~D.}",
 title  = "{Concurrent C}",
 journal= "{Software Practice and Experience}",
 pages = {821-844}, volume="16", number = "9",
 year   = 1986
}

@book{george,
 author  = "{George ~J.~A., Liu ~J.~W.}",
 title   = "{Computer Solution of Very Large Sparse Matrices}",
 publisher = "{Prentice-Hall}", 
 address   = "{Englewood Cliffs, New Jersey}", 
 year = 1981
}

@article{goldberg91,
 author = "{Goldberg ~D.}",
 title  = "{What Every Computer Scientist Should Know About Floating-Point Arithmetic}",
 journal= "{ACM Computing Surveys}",
 pages = {5-48}, volume="23", number = "1",
 year   = 1991
}

@book{golub,
 author  = "{Golub ~G.~H., VanLoan ~C.~F.}",
 title   = "{Matrix Computations}",
 edition = "{2nd}",
 publisher = "{The Johns Hopkins University Press}", 
 year = 1989
}

@booklet{grand-challenge,
 key  ="{Grand Challenges}",
 title="{Grand Challenges (1992),
         High Performance Computing and Communications}",
 howpublished="{FY 1993 U.S. Research and Development Program,
                Report by Committee on Physcical, Mathematical, and Engineering Sciences
                Federal Coordinating Council for Science, Engineering, and Technology}",

 year=1992
}

@article{guttag,
 author = "{Guttag ~J.,}",
 title  = "{Abstract Data Types and the Development of Data Structures}",
 journal= "{Communications of the ACM}",
 pages = {396-404},
 volume="20",
 number = "6",
 month = "June",
 year   = 1977
}

@book{harbison,
 author="{Harbison ~S.~P., Steele ~G.~L.}",
 title="{A C Reference Manual}",
 publisher="{Prentice-Hall}",
 year=1984
}

@article{hardwick,
 author="{Hardwick ~M., Spooner ~D.~L.}",
 title="{Comparison of some Data Models for Engineering Objects}",
 journal="{IEEE Computer Graphics and Applications}",
 pages = {56-66},
 month="March", year=1987
}

@book{helman,
 author="{Helman ~P., Veroff ~R., Carrano ~F.~R.}",
 title="{Intermediate Problem Solving and Data Structures}",
 publisher="{Benjamin-Cummings Publishing Company}",
 year=1991
}

@unpublished{heunis,
 author="{Heunis ~A.}",
 title ="{HACKSYMA : The Hackers Symbolic Manipulator}",
 note  ="{Computer program written at Univeristy of California, Berkeley}",
 year  =1983
}

@article{hoare62,
 author="{Hoare ~C.~A.~R.}",
 title="{Quicksort}",
 journal="{Computer Journal}",
 volume="5", number = "1",
 pages = {10-15},
 year=1962
}

@book{holub,
 author    = "{Holub ~A.~I.}",
 title     = "{Compiler Design in C}",
 publisher = "{Prentice-Hall Inc.}",
 year=1990
}

@book{horspool,
 author    = "{Horspool ~R.~N.}",
 title     = "{C Programming in the Berkeley UNIX Environment}",
 publisher = "{Prentice-Hall Canada Inc.}",
 year=1986
}

@book{hughes,
 author    = "{Hughes ~T.~J.~R.}",
 title     = "{The Finite Element Method : Linear Static and Dynamic Finite Element Analysis}",
 publisher = "{Prentice-Hall}",
 year=1987
}

@book{x-window_user's_guide,
 author    = "{Quercia, ~V. and O'Reilly,~T.}",
 title     = "{X Window System: User's Guide}",
 note      = "{for X11 R3 and R4}",
 publisher = "{O'Reilly and Asscociate, Inc.}",
 year      = 1990
}

@misc{intel,
 key    = "{Intel Corporation}",
 title  = "{Intel Development Toolkit}",
 address= "{Intel Corporation, Beaverton, Oregon 97006}",
 year=1991
}

@misc{intel-91,
 key    = "{Intel Corporation}",
 title       = "{A Touchstone DELTA System Description}",
 institution = "{Intel SuperComputer Systems Division}",
 address     = "{Intel Corporation, Beaverton, Oregon 97006}",
 year=1991
}

@misc{intergraph,
 author="{R. ~J. ~Ashworth}",
 title="{The 3D Approach to Steelwork Design and Detailing}",
 howpublished="{ CAD in Reinforced Concrete Detailing and Structural Steelwork,
		Proceedings of a conference organized by the Institute of
		Civil Engineers, Thomas Telford, London}",
 year=1987
}

@article{jervis,
 author = "{Jervis ~R.}",
 title  = "{Numerical Extensions to C}",
 journal= "{Dr Dobbs Journal}",
 pages  = {26-39},
 month  = "August",
 year   = 1992
}

@techreport{johnson,
 author  = "{Johnson ~S.~C.}",
 title   = "{YACC - Yet another Compiler Compiler}",
 howpublished = "{Computer Science Technical Report 32}",
 address = "{AT\&T Bell Laboratories, Murray Hill, New Jersey}",
 year    = 1975
}

@techreport{joy,
 author="{Joy ~W.}",
 title="{An Introduction to the C Shell}",
 institution="{Computer Sciences Division,
               Department of Electrical Engineering and Computer Science}",
 school="{University of California}",
 address="{Berkeley, California 94720}"
}

@article{katz,
 author = "{Katz ~R.}",
 title  = "{Design Version Management}",
 journal= "{IEEE Design and Test}",
 month  = "February",
 year   = 1987
}

@book{kelley,
 author = "{Kelley ~A., Pohl ~I.}", 
 title  = "{A Book on C}",
 publisher="{Benjamin-Cummings Publishing Company}",
 year = 1984
}

@book{kernighan-ed1,
 author = "{Kernighan ~B.~W., Ritchie ~D.~M.}",
 title  = "{The C Programming Language}",
 publisher="{Prentice-Hall Software Series}",
 year = 1978
}

@book{kernighan-ed2,
 author = "{Kernighan ~B.~W., Ritchie ~D.~M.}",
 title  = "{The C Programming Language - Second Edition}",
 note   = "{Based on Draft-Proposed ANSI C}",
 publisher="{Prentice-Hall Software Series}",
 year = 1988
}

@book{kernighan-pike,
 author = "{Kernighan ~B.~W., Pike ~R.}",
 title  = "{The UNIX Programming Environment}",
 publisher="{Prentice-Hall Software Series}",
 year = 1983
}

@article{kirkpatrick83,
 author = "{Kirkpatrick S., Gelatt C.D., Vecchi M.P,}",
 title  = "{Optimization by Simulated Annealing}",
 journal="{Science}",
 pages = {671-680}, volume="220", number="4598",
 month  = "{May}",
 year  = 1983
}

@article{knuth,
 author = "{Knuth ~D.~E.}",
 title  = "{Structured Programming with Go To Statements}",
 journal="{Computing Surveys, Association of Computing Machinery}",
 pages = {261-301}, volume="6", number="4",
 year  = 1979
}

@book{knuth73a,
 author = "{Knuth ~D.~E.}",
 title  = "{The Art of Computer Programming : Fundamental Algorithms, Volume 1}",
 publisher="{Addison-Wesley Publishing Company}",
 year = 1973
}

@book{korsh,
 author = "{Korsh ~J.~D.}",
 title  = "{Data Structures, Algoithms and Program Style}",
 publisher="{PWS Computer Science}",
 year = 1986
}

@book{kosko,
 author = "{Kosko ~B.}",
 title  = "{Neural Networks and Fuzzy Systems : A Dynamical
            Systems Approach to Machine Intelligence}",
 publisher="{Prentice-Hall}",
 year = 1992
}

@article{kulisch,
 author = "{Kulisch ~U.~W., Miranker ~W.~L.}",
 title  = "{The Arithmetic of the Digital Computer : A New Approach}",
 journal="{SIAM Review}",
 pages = {1-40}, volume="28",
 year  = 1986
}

@techreport{lee,
 author= "{Lee, ~S.}",
 title = "{Notes for Computational Plasticity}",
 type  = "{Lecture Notes}",
 institution="{Aerospace Department, University of Maryland}",
 address= "{College Park, MD 20742}",
 year   = 1991
}

@techreport{lesk,
 author= "{Lesk ~M.~E.}",
 title = "{LEX : A Lexical Analyzer Generator}",
 type  = "{Computer Science Technical Report, No. 39}",
 institution="{Bell Laboratories}",
 address= "{Murray Hill, New Jersey}",
 month  = "{October}",
 year   = 1975
}

@book{lewine92,
 author="{Lewine ~D.}",
 title="{POSIX : Programmer's Guide}",
 publisher="{O'Reilly and Associates}",
 year=1992
}

@masterthesis{linton,
 author= "{Linton ~M.}",
 title = "{dbx}",
 school ="{University of California}",
 address="{Berkeley, California 94720}",
 year=1982
}

@book{Luenberger84,
 author="{Luenberger~David~G.}",
 title="{Linear and Nonlinear Programming}",
 school ="{Stanford University}",
 publisher="{Addison-Wesley Publishing Company}",
 year=1984
}

@article{matlab-sparse,
 author="{Gilbert ~J.~R., Moler ~C., Schreiber ~R.}",
 title="{Sparse Matrices in MATLAB : Design and Implementation}",
 journal="{SIAM Journal of Matrix Analysis Applications}",
 pages = {333-356}, volume="13", number="1",
 month="January", year=1992
}

@article{metropolis,
 author = "{Metropolis N., Rosenblueth A., Rosenblueth M., Teller A., Teller E.}",
 title  = "{Equation of State Calculations by Fast Computing Machines}",
 journal="{Journal of Chemical Physics}",
 pages = {1087-1092}, volume="21",
 year  = 1953
}

@book{meyer,
 author= "{Meyer ~B.}",
 title = "{Object-oriented Software Construction}",
 publisher="{Prentice-Hall International Series in Computer Science}",
 address= "{Hertfordshire, United Kingdom}",
 year   = 1988
}

@article{meyer73,
 author="{Meyer ~C.}",
 title="{Solution of Linear Equations -- State of the Art}",
 journal="{Journal of the Structural Division, ASCE}",
 pages = {1507-1526}, volume="99", number="7",
 month="July",
 year=1973
}

@article{meyer75,
 author="{Meyer ~C.}",
 title="{Special Problems Related to Linear Equation Solvers}",
 journal="{Journal of the Structural Division, ASCE}",
 pages = {869-890}, volume="101", number="4",
 month="April",
 year=1975
}

@article{mindlin51,
 author="{Mindlin ~R.~D.}",
 title="{Influence of rotatory inertia and shear in flexural motions of isotropic elastic plates}",
 journal="{Journal of Applied Mechanics}",
 pages = {31-38}, volume="18",
 year=1951
}


@article{mitra86,
 author="{Mitra D., Romeo F., Sangiovanni-Vincentelli A}",
 title ="{Convergence and Finite-Time Behavior of Simulated Annealing}",
 journal="{Advances in Applied Math}",
 pages = {747-771}, volume="18",
 year=1986
}

@techreport{mondkar,
 author   ="{Mondkar ~D.~P., Powell ~G.~H.}",
 title    ="{ANSR - 1 General Purpose program for Analysis of Nonlinear Structural Response}",
 type     ="{{\it Report No.} EERC 75-37}",
 institution="{Earthquake Engineering Research Center}",
 school = "{U.C. Berkeley}",
 month  = "December",
 year   = 1975
}

@article{nagarajaiah,
author= "{Nagarajah,~Satish, Reinhorn,~Andrei~M., and Constantinou,~Michalakis~C.}",
 title = "{Nonlinear Dynamic Analysis of 3-D Base-Isolated Strctures}",
 journal="{Journal of Structure Engineering}",
 pages = {2035-2054}, volume="117",
 month  = "July",
 year   = 1991
}
@book{naghdi72,
 author   ="{Naghdi,~P.~M.}",
 title    ="{The theory of Shells and Plates, in Handbuch der Physik}",
 publisher="{Springer Verlag, Berlin}",
 pages = {425-640},
 volume= "VI a/2",
 year  =1972
}


@book{nievergelt,
 author   ="{Nievergelt ~J., Hinrichs ~K.~H.}",
 title    ="{Algorithms and Data Structures : With Applications to Graphics and Geometry}",
 publisher="{Prentice-Hall}",
 year=1993
}

@inproceedings{noor-belytschko-simo89a,
 author   ="{Noor,~A.~K., Belytschko,~T. and Simo, ~J.}",
 title    ="{Praface}",
 booktitle="{Analytical and Computational Models of Shells}",
 publisher="{Americal Society of Mechanical Engineering}",
 editor= "{~A. ~K. Noor,T.~Belytschko, and J.~Simo}",
 page  ={iii-v},
 volume= "3",
 year  = 1989
}
@inproceedings{noor-belytschko-simo89b,
 booktitle  ="{Analytical and Computational Models of Shells}",
 publisher  ="{Americal Society of Mechanical Engineering}",
 editor= "{~A. ~K. Noor,T.~Belytschko, and J.~Simo}",
 volume= "3",
 year  = 1989
}

@inproceedings{noor89,
 author   ="{Noor,~A.~K.}",
 title    ="{List of Books, Monographs, Conference Proceedings and
             Survey Papers on Shells}",
 booktitle  ="{Analytical and Computational Models of Shells}",
 editor   = "{~A. ~K. Noor,T.~Belytschko, and J.~Simo}",
 publisher="{Americal Society of Mechanical Engineering}",
 page  = {iii-v},
 volume= "3",
 year  = 1989
}

@techreport{nye82,
 author   ="{Nye ~W., Tits ~A.~L.}",
 title    ="{DELIGHT FOR BEGINNERS}",
 type     ="{Memorandum No. UCB/ERL M82/55}",
 institution="{Department of Electrical Engineering}",
 school= "{U.C. Berkeley}",
 month = "July",
 year  = 1982
}

@techreport{nye85,
 author   ="{Nye ~W., Wang ~D.}",
 title    ="{DELIGHT FOR INTERMEDIATES}",
 type     ="{Memorandum No. UCB/ERL M85/32}",
 institution="{Department of Electrical Engineering}",
 school= "{U.C. Berkeley}",
 month = "April",
 year  = 1985
}

@article{nyssen81,
 author= "{Nyssen,~C.}",
 title = "{An efficient and accurate iteration iterative method allowing
           large incremental steps to solve elasto-plastic problems}",
 journal="{Computer \& Structures}",
 pages = {63-71}, volume="13",
 year   = 1981
}

@article{parnas,
 author= "{Parnas ~D.~L.}",
 title = "{On the Criteria to be Used in Decomposing Systems into Modules}",
 journal="{Communications of the ACM}",
 pages = {330-336}, volume="15",
 month  = "December",
 year   = 1972
}

@article{plauger,
 author= "{Plauger ~P.~J.}",
 title = "{Large Character Sets in C}",
 journal="{Dr Dobbs Journal}",
 pages = {16},
 month  = "August",
 year   = 1992
}

@article{pinto,
 author= "{Pinto de Magalhaes ~M.}",
 title = "{Biaxially Loaded Concrete Sections}",
 journal="{Journal of the Structural Division, ASCE}",
 volume ="105",
 number ="12",
 pages = {2639-2656},
 year   = 1979
}

@book{press,
 author="{Press ~W.~H., Flannery ~B.~P., Teukolsky ~S.~A., Vetterling ~W.~T.}",
 title="{Numerical Recipes in C : The Art of Scientific Computing}",
 publisher="{Cambridge University Press}",
 year=1988
}

@book{press92,
 author ="{Press ~W.~H., Flannery ~B.~P., Teukolsky ~S.~A., Vetterling ~W.~T.}",
 title  ="{Numerical Recipes in C : The Art of Scientific Computing}",
 edition="{2nd}",
 publisher= "{Cambridge University Press}",
 year = 1992
}

@book{protter,
 author="{Protter ~M.~H., Morrey ~C.~B.}",
 title="{A First Course in Real Analysis}",
 note ="{Second Edition}",
 publisher="{Springer-Verlag}",
 year=1991
}

@book{pyster,
 author ="{Pyster ~A.~B.}",
 title  ="{Compiler Design and Construction}",
 publisher="{Van Nostrand Reinhold Company Inc}",
 year=1987
}

@misc{reilly,
 author ="{Reilly ~J.}",
 title  ="{CONSOLE Outline}",
 note   ="{UNIX Environment Short Courses}",
 school  = "{University of Maryland}",
 address = "{College Park, MD 20742}",
 month   = "October",
 year    = 1990
}

@article{reissner45,
 author  ="{Reissner,~E.}",
 title   ="{The effect of transverse shear deformation on the bending of elastic plate}",
 journal ="{Journal of Applied Mechanics}",
 volume  ="12",
 month   = "March",
 year    = 1945
}

@book{rimmer,
 author="{Rimmer ~S.}",
 title="{Bit-Mapped Graphics}",
 note ="{Second Edition}",
 publisher="{Windcrest/McGraw-Hill}",
 year=1993
}

@techreport{Sondhi,
 author      ="{Sondhi, ~Jogesh, ~S.}",
 title       ="{Development of C-Based Program called FERA - Finite Element and Rigid-Body Analysis}",
 type        ="{Master Degree Scholarly Paper}",
 institution ="{Department of Civil Engineering and Institute for Systems Research}",
 school      = "{University of Maryland, College Park, Maryland, 20742}",
 month       = "April",
 year        = 1991
}

@misc{sangiovanni-vincentelli,
 author  = "{Sangiovanni-Vincentelli ~A.~L.}",
 title   = "{Electronics in the 1990's}",
 note    = "{Systems Research Center Seminar Series, Spring Semester}",
 year=1992
}

@article{scheifler,
 author  = "{Scheifler ~R., Gettys ~J.}",
 title   = "{The X Window System}",
 journal = "{ACM Transactions on Graphics}",
 volume  = "2",
 pages = {79-109},
 year=1986
}

@book{sedgewick,
 author    = "{Sedgewick ~R.}",
 title     = "{Algorithms in C}",
 publisher = "{Addison-Wesley Publishing Company}",
 year = 1990
}

@techreport{shen,
 author  = "{Shen ~K., Fenves ~S.~J.}",
 title  = "{ Table : An Engineering, Scientific, and Management Application-Oriented Database Model}",
 type   = "{DRC-12-16-83}",
 institution = "{Design Research Center}",
 address     = "{Carnegie-Mellon University, Pittsburgh, PA 15213}",
 year = 1983
}

@article{silberschatz,
 author  = "{Silberschatz ~A., Stonebraker ~M., Ullman ~J.}",
 title   = "{Database Systems : Achievements and Opportunities}",
 journal = "{Communications of the ACM}",
 volume  = "34",
 number  = "10",
 month   = "October",
 year=1991
}

@misc{slater,
 author  = "{Slater ~J.}",
 title   = "{Lecture notes on Alternative Languages
             and Data Structures: A Case for C in Engineering Computations}",
 address = "{Department of Civil Engineering,
             Massachusetts Institute of Technology}",
 year=1984
}

@article{sloan89a,
    author  = "Sloan ~S.~W.",
    title   = "A FORTRAN Program for Profile and Wavefront Reduction",
    journal = "International Journal of Numerical Methods in Engineering",
    volume  = "28",
    pagesS  = "2651-2679",
    year    = 1989
}

@article{spencer,
 author = "{Spencer ~D.}",
 title  = "{Beyond C - Programming Languages, Past, Present, Future}",
 journal = "{UNIX World}",
 pages   = {29-35},
 month   = "July",
 year    = 1985
}

@article{sreekanta,
 author = "{Sreekanta ~M.~T., Arora ~J.~S.}",
 title  = "{Data Base Design Methodology for Structural Analysis and Design Optimization}",
 journal = "{Engineering with Computers}",
 volume  = "1",
 number  = "3",
 year    = 1986
}

@book{stallings,
 author = "{Stallings ~W.}",
 title  = "{Data and Computer Communications}",
 note   = "{Second Edition}",
 publisher = "{MacMillian Publishing Company}",
 year = 1985
}

@article{stevenson,
 author = "{Stevenson ~D.}",
 title  = "{A Proposed Standard for Binary Floating Point Arithmetic}",
 journal = "{Computer}",
 volume  = "14",
 number  = "3",
 pages   = {51-62},
 month   = "March",
 year    = 1981
}

@book{stewart,
 author = "{Stewart ~G.~W.}",
 title  = "{Introduction to Matrix Computations}",
 publisher = "{Academic Press}",
 year = 1973
}

@article{strassen,
 author = "{Strassen ~V.}",
 title  = "{Gaussian Elimination is not optimal}",
 journal = "{Numerische Mathematik}",
 volume  = "14",
 number  = "3",
 pages   = {354-356},
 year    = 1969
}

@misc{summit,
 author = "{Summit ~S.}",
 title  = "{Frequently Asked Qustions on C}",
 note   = "{Automatically posted to the Internet newsgroup comp.lang.c
            at the beginning of each month}",
 month  = "August",
 year   = 1992
}

@article{survey,
 author="{Baer ~A, Eastman ~C., M. Henrion ~M.}",
 title="{Geometric Modelling: a survey}",
 journal="{Computer Aided Design}",
 pages = {253-272}, volume="11", number="5",
 month="September",
 year=1979
}

@techreport{sunview,
 key    = "{Sun Microsystems}",
 title  = "{SunView 1 Programmer's Guide}",
 publisher = "{Sun Microsystems, Inc}",
 year = 1988
}

@book{timoshenko59,
 author = "{Timoshenko, ~S.~P. and Woinowsky-Kriger,~S}",
 title  = "{Theory of Plates and Shells}",
 edition = "{2}",
 publisher = "{McGraw-Hill Book Company, New York}",
 year = 1959
}

@techreport{think,
 key     = "{Thinking Machines Corporation}",
 title   = "{The Connection Machine : CM-5 Technical Summary}",
 address = "{Cambridge, Massachusetts}",
 month   = "October",
 year    = 1991
}

@book{zienkiewicz-taylor91,
 author = "{Zienkiewicz, ~O.~C. and Taylor,~R.~L.}",
 title  = "{The Finite Element Method}",
 volume = "{2}",
 edition = "{2}",
 note   = "{Solid and Fluid Mechanics, Dynamics and Non-Linearity}",
 publisher = "{McGraw-Hill Book Company, New York}",
 year = 1991
}


@inproceedings{way-jeng,
 author = "{Way,~D., and Jeng,~V.}",
 title  = "{NPAD -- a computer program for the analysis of base isolation strcutures}",
 booktitle = "{Proc. ASME Pressure Vessel and Piping Conference}",
 note  = "Americal Society of Mechanical Engineering, 147",
 pages   = {65-69},
 year    = 1988
}

@book{weaver-gere80,
 author = "{Weaver, ~W.~Jr. and Gere,~J.~M.}",
 title  = "{Matrix Analysis of Framed Structures}",
 publisher = "{D. Van Nostrand Company}",
 address   = "{135 West 50th Street, New York, NY 10020}",
 edition   = "{2}",
 year = 1980
}

@book{weaver-johnston87,
 author = "{Weaver, ~W.~Jr. and Johnston,~P.~R.}",
 title  = "{Structural Dynamics by Finite Elements}",
 publisher = "{Prentice-Hall, Inc., Englewood Cliffs, New Jersey 07632}",
 year = 1987
}

@inproceedings{wilkins,
 author="{Wilkins, ~M.~L.}",
 title="{Calculation of elastic-plastic flow}",
 booktitle="{Methods of Computational Physics}",
 pages = {253-272}, volume="3", 
 publisher = "{Academic Press, New York}",
 editor= "{Alder,~B. et.al}",
 month="September",
 year=1964
}


